@Misc{PEP380,
 author   = {\small{\href{https://www.python.org/psf/}{The Python Software Foundation}}},
 title    = {\footnotesize{\href{https://www.python.org/dev/peps/pep-0380/}{\uppercase{P}\uppercase{E}\uppercase{P} 380 — \uppercase{S}yntax for \uppercase{D}elegating to a \uppercase{S}ubgenerator}}},
 year     = {2009},
 month    = {Fevereiro},
 note     = {\footnotesize{Último acesso em 18/1/2018}},
 howpublished= {\footnotesize{\url{https://www.python.org/dev/peps/pep-0380/}} },
}

@Misc{PEP3156,
 author   = {\small{\href{https://www.python.org/psf/}{The Python Software Foundation}}},
 title    = {\footnotesize{\href{https://www.python.org/dev/peps/pep-3156/}{\uppercase{P}\uppercase{E}\uppercase{P} 3156 — \uppercase{A}synchronous \uppercase{I}\uppercase{O} \uppercase{S}upport \uppercase{R}ebooted: the "asyncio"\ \uppercase{M}odule}}},
 year     = {2012},
 month    = {Dezembro},
 note     = {\footnotesize{Último acesso em 18/1/2018}},
 howpublished= {\footnotesize{\url{https://www.python.org/dev/peps/pep-3156/}} },
}

@Misc{asyncio,
 author   = {\small{\href{https://www.python.org/psf/}{The Python Software Foundation}}},
 title    = {\footnotesize{\href{https://docs.python.org/3/library/asyncio.html}{\texttt{asyncio} — \uppercase{A}synchronous \uppercase{I}/\uppercase{O}, event loop, coroutines and tasks}}},
 year     = {2014},
 month    = {Março},
 note     = {\footnotesize{Último acesso em 18/1/2018}},
 howpublished= {\footnotesize{\url{https://docs.python.org/3/library/asyncio.html}} },
}

@Misc{PEP492,
 author   = {\small{\href{https://www.python.org/psf/}{The Python Software Foundation}}},
 title    = {\footnotesize{\href{https://www.python.org/dev/peps/pep-0492/}{\uppercase{P}\uppercase{E}\uppercase{P} 492 — \uppercase{C}oroutines with \texttt{async} and \texttt{await} syntax}}},
 year     = {2015},
 month    = {Abril},
 note     = {\footnotesize{Último acesso em 18/1/2018}},
 howpublished= {\footnotesize{\url{https://www.python.org/dev/peps/pep-0492/}} },
}

@Misc{PEP525,
 author   = {\small{\href{https://www.python.org/psf/}{The Python Software Foundation}}},
 title    = {\footnotesize{\href{https://www.python.org/dev/peps/pep-0525/}{\uppercase{P}\uppercase{E}\uppercase{P} 525 — \uppercase{A}synchronous \uppercase{G}enerators}}},
 year     = {2016},
 month    = {Julho},
 note     = {\footnotesize{Último acesso em 18/1/2018}},
 howpublished= {\footnotesize{\url{https://www.python.org/dev/peps/pep-0525/}} },
}

@Misc{PEP530,
 author   = {\small{\href{https://www.python.org/psf/}{The Python Software Foundation}}},
 title    = {\footnotesize{\href{https://www.python.org/dev/peps/pep-0530/}{\uppercase{P}\uppercase{E}\uppercase{P} 530 — \uppercase{A}synchronous \uppercase{C}omprehensions}}},
 year     = {2016},
 month    = {Setembro},
 note     = {\footnotesize{Último acesso em 18/1/2018}},
 howpublished= {\footnotesize{\url{https://www.python.org/dev/peps/pep-0530/}} },
}

@Misc{VanderPlasJake14,
 author   = {\small{\href{http://vanderplas.com/}{Jake VanderPlas}}},
 title    = {\small{\href{https://jakevdp.github.io/blog/2014/05/09/why-python-is-slow/}{\uppercase{W}hy \uppercase{P}ython is \uppercase{S}low: \uppercase{L}ooking \uppercase{U}nder the \uppercase{H}ood}}},
 year     = {2014},
 month    = {Maio},
 note     = {\footnotesize{Último acesso em 18/1/2018}},
 howpublished= {\tiny{\url{https://jakevdp.github.io/blog/2014/05/09/why-python-is-slow/}} },
}

@Misc{Langa16,
 author   = {\small{\href{http://lukasz.langa.pl/}{Łukasz Langa}}},
 title    = {\small{\href{https://us.pycon.org/2016/schedule/presentation/1801/}{\uppercase{T}hinking In \uppercase{C}oroutines - \uppercase{P}y\uppercase{C}on 2016}}},
 year     = {2016},
 month    = {Maio},
 note     = {\footnotesize{Último acesso em 18/1/2018}},
 howpublished= {\footnotesize{\href{https://us.pycon.org/2016/schedule/presentation/1801/}{Palestra} --
                              \href{https://www.youtube.com/watch?v=l4Nn-y9ktd4}{Vídeo} --
                              \href{https://speakerdeck.com/pycon2016/lukasz-langa-thinking-in-coroutines}{Slides}}},
}

@Misc{CannonBrett16,
 author   = {\small{\href{https://snarky.ca/}{Brett Cannon}}},
 title    = {\small{\href{https://snarky.ca/how-the-heck-does-async-await-work-in-python-3-5/}{\uppercase{H}ow the heck does async/await work in \uppercase{P}ython 3.5?}}},
 year     = {2016},
 month    = {Fevereiro},
 note     = {\footnotesize{Último acesso em 18/1/2018}},
 howpublished= {\tiny{\url{https://snarky.ca/how-the-heck-does-async-await-work-in-python-3-5/}} },
}

@Misc{FDLaura17,
 author   = {\small{\href{https://veriny.tf/}{Laura F. D.}}},
 title    = {\small{\href{https://veriny.tf/asyncio-a-dumpster-fire-of-bad-design/}{asyncio: \uppercase{A} dumpster fire of bad design}}},
 year     = {2017},
 month    = {Dezembro},
 note     = {\footnotesize{Último acesso em 18/1/2018}},
 howpublished= {\scriptsize{\url{https://veriny.tf/asyncio-a-dumpster-fire-of-bad-design/}} },
}

@Book{RamalhoLuciano15,
 author    = {\small{\href{https://ramalho.org/}{Luciano Ramalho}}},
 title     = {\small{\href{http://shop.oreilly.com/product/0636920032519.do}{Fluent Python}}},
 publisher = {\small{\href{http://www.oreilly.com/}{O'Reilly Media}}},
 year      = {2015},
 month     = {Agosto},
}
